%% This BibTeX bibliography file was created using BibDesk.
%% http://bibdesk.sourceforge.net/

%% Created for Louis at 2017-04-27 12:57:06 +0100 


%% Saved with string encoding Unicode (UTF-8) 



@article{toth2002models,
	Author = {Toth, Paolo and Vigo, Daniele},
	Date-Added = {2017-04-27 11:57:04 +0000},
	Date-Modified = {2017-04-27 11:57:04 +0000},
	Journal = {Discrete Applied Mathematics},
	Number = {1},
	Pages = {487--512},
	Publisher = {Elsevier},
	Title = {Models, relaxations and exact approaches for the capacitated vehicle routing problem},
	Volume = {123},
	Year = {2002}}

@article{gueret1999applications,
	Author = {Gu{\'e}ret, Christelle and Prins, Christian and Sevaux, Marc},
	Date-Added = {2017-04-27 09:58:08 +0000},
	Date-Modified = {2017-04-27 09:58:08 +0000},
	Journal = {contract},
	Pages = {00034},
	Publisher = {Citeseer},
	Title = {Applications of optimization with Xpress-MP},
	Year = {1999}}

@article{cordeau2007vehicle,
	Author = {Cordeau, Jean-Fran{\c{c}}ois and Laporte, Gilbert and Savelsbergh, Martin WP and Vigo, Daniele},
	Date-Added = {2017-04-27 09:33:14 +0000},
	Date-Modified = {2017-04-27 09:33:14 +0000},
	Journal = {Handbooks in operations research and management science},
	Pages = {367--428},
	Publisher = {Elsevier},
	Title = {Vehicle routing},
	Volume = {14},
	Year = {2007}}
